@article{DPQ2011,
  author = {Philippe, Hervé AND Brinkmann, Henner AND Lavrov, Dennis V. AND Littlewood, D. Timothy J. AND Manuel, Michael AND Wörheide, Gert AND Baurain, Denis},
  journal = {PLOS Biology},
  publisher = {Public Library of Science},
  title = {Resolving Difficult Phylogenetic Questions: Why More Sequences Are Not Enough},
  year = {2011},
  month = {03},
  volume = {9},
  url = {https://doi.org/10.1371/journal.pbio.1000602},
  pages = {1-10},
  number = {3},
  doi = {10.1371/journal.pbio.1000602}
}

@article{SD2003,
  author = {Otu, Hasan H. and Sayood, Khalid},
  title = {A new sequence distance measure for phylogenetic tree construction},
  journal = {Bioinformatics},
  volume = {19},
  number = {16},
  pages = {2122-2130},
  year = {2003},
  doi = {10.1093/bioinformatics/btg295},
  url = { + http://dx.doi.org/10.1093/bioinformatics/btg295},
  eprint = {/oup/backfile/content_public/journal/bioinformatics/19/16/10.1093/bioinformatics/btg295/2/btg295.pdf}
}

@article{MPL2004,
  title = {Performance of maximum parsimony and likelihood phylogenetics when evolution is heterogeneous},
  volume = {431},
  DOI = {10.1038/nature02917},
  number = {7011},
  journal = {Nature},
  author = {Kolaczkowski, Bryan and Thornton, Joseph W.},
  year = {2004},
  pages = {980–984}
}

@article{BI2001,
  author = {Huelsenbeck, John P. and Ronquist, Fredrik and Nielsen, Rasmus and Bollback, Jonathan P.},
  title = {Bayesian Inference of Phylogeny and Its Impact on Evolutionary Biology},
  volume = {294},
  number = {5550},
  pages = {2310--2314},
  year = {2001},
  doi = {10.1126/science.1065889},
  publisher = {American Association for the Advancement of Science},
  issn = {0036-8075},
  url = {http://science.sciencemag.org/content/294/5550/2310},
  eprint = {http://science.sciencemag.org/content/294/5550/2310.full.pdf},
  journal = {Science}
}

@article{CS1990,
  author = {Michael G. Pogue and M. F. Mickevich},
  title = {CHARACTER DEFINITIONS AND CHARACTER STATE DELINEATION: THE BETE NOIRE OF PHYLOGENETIC INFERENCE},
  journal = {Cladistics},
  volume = {6},
  number = {4},
  year = {1990},
  pages = {319-361},
  doi = {10.1111/j.1096-0031.1990.tb00549.x},
  url = {https://onlinelibrary.wiley.com/doi/abs/10.1111/j.1096-0031.1990.tb00549.x},
  eprint = {https://onlinelibrary.wiley.com/doi/pdf/10.1111/j.1096-0031.1990.tb00549.x}
}

@article{PPptime1994,
  author = {Richa Agarwala and David Fernández-Baca},
  title = {A Polynomial-Time Algorithm For the Perfect Phylogeny Problem When the Number of Character States is Fixed},
  journal = {SIAM Journal on Computing},
  volume = {23},
  number = {6},
  pages = {1216-1224},
  year = {1994},
  doi = {10.1137/S0097539793244587},
  url = {https://doi.org/10.1137/S0097539793244587},
  eprint = {https://doi.org/10.1137/S0097539793244587}
}

@article{PPHltime2005,
  author = { Zhihong   Ding  and  Vladimir   Filkov  and  Dan   Gusfield },
  title = {A Linear-Time Algorithm for the Perfect Phylogeny Haplotyping (PPH) Problem},
  journal = {Journal of Computational Biology},
  volume = {13},
  number = {2},
  pages = {522-553},
  year = {2006},
  doi = {10.1089/cmb.2006.13.522},
  note = {PMID: 16597255},
  url = {https://doi.org/10.1089/cmb.2006.13.522},
  eprint = {https://doi.org/10.1089/cmb.2006.13.522}
}

@article{PPHltime2007,
  author = {Bonizzoni, Paola},
  title = {A Linear-Time Algorithm for the Perfect Phylogeny Haplotype Problem},
  journal = {Algorithmica},
  year = {2007},
  month = {Jul},
  day = {01},
  volume = {48},
  number = {3},
  pages = {267--285},
  issn = {1432-0541},
  doi = {10.1007/s00453-007-0094-3},
  url = {https://doi.org/10.1007/s00453-007-0094-3}
}

@article{PPE2014,
  author = {Bonizzoni, Paola and Carrieri, Anna Paola and Vedova, Gianluca Della and Dondi, Riccardo and Przytycka, Teresa M.},
  editor = {Jonoska, Nata{\v{s}}a
  and Saito, Masahico},
  title = {When and How the Perfect Phylogeny Model Explains Evolution},
  bookTitle = {Discrete and Topological Models in Molecular Biology},
  year = {2014},
  publisher = {Springer Berlin Heidelberg},
  address = {Berlin, Heidelberg},
  pages = {67--83},
  isbn = {978-3-642-40193-0},
  doi = {10.1007/978-3-642-40193-0_4},
  url = {https://doi.org/10.1007/978-3-642-40193-0_4}
}

@article{PPPbin2012,
  title = {The binary perfect phylogeny with persistent characters},
  journal = {Theoretical Computer Science},
  volume = {454},
  pages = {51 - 63},
  year = {2012},
  note = {Formal and Natural Computing},
  issn = {0304-3975},
  doi = {https://doi.org/10.1016/j.tcs.2012.05.035},
  url = {http://www.sciencedirect.com/science/article/pii/S0304397512005294},
  author = {Paola Bonizzoni and Chiara Braghin and Riccardo Dondi and Gabriella Trucco}
}

@article{CPPP2014,
  author = {Bonizzoni, Paola and Carrieri, Anna Paola and Della Vedova, Gianluca and Trucco, Gabriella},
  title = {Explaining evolution via constrained persistent perfect phylogeny},
  journal = {BMC Genomics},
  year = {2014},
  month = {Oct},
  day = {17},
  volume = {15},
  number = {6},
  pages = {S10},
  issn = {1471-2164},
  doi = {10.1186/1471-2164-15-S6-S10},
  url = {https://doi.org/10.1186/1471-2164-15-S6-S10}
}

@article{NPP2007,
  author = {S. Sridhar and K. Dhamdhere and G. Blelloch and E. Halperin and R. Ravi and R. Schwartz},
  journal = {IEEE/ACM Transactions on Computational Biology and Bioinformatics},
  title = {Algorithms for Efficient Near-Perfect Phylogenetic Tree Reconstruction in Theory and Practice},
  year = {2007},
  volume = {4},
  number = {4},
  pages = {561-571},
  doi = {10.1109/TCBB.2007.1070},
  issn = {1545-5963},
  month = {Oct}
}

@article{IDPP2004,
  author = {Itsik Pe'er and Tal Pupko and Ron Shamir and Roded Sharan},
  title = {Incomplete Directed Perfect Phylogeny},
  journal = {SIAM Journal on Computing},
  volume = {33},
  number = {3},
  pages = {590-607},
  year = {2004},
  doi = {10.1137/S0097539702406510},
  URL = {https://doi.org/10.1137/S0097539702406510},
  eprint = {https://doi.org/10.1137/S0097539702406510}
}

@article{PPPcgraph2016,
  title = {A colored graph approach to perfect phylogeny with persistent characters},
  journal = {Theoretical Computer Science},
  volume = {658},
  pages = {60 - 73},
  year = {2017},
  note = {Formal Languages and Automata: Models, Methods and Application In honour of the 70th birthday of Antonio Restivo},
  issn = {0304-3975},
  doi = {https://doi.org/10.1016/j.tcs.2016.08.015},
  url = {http://www.sciencedirect.com/science/article/pii/S0304397516304236},
  author = {Paola Bonizzoni and Anna Paola Carrieri and Gianluca Della Vedova and Raffaella Rizzi and Gabriella Trucco}
}

@article{PPPptime2016,
  title = {Solving the Persistent Phylogeny Problem in polynomial time},
  author = {Bonizzoni, Paola and Della Vedova, Gianluca and Trucco, Gabriella},
  journal = {CoRR},
  year = {2016},
  volume = {abs/1611.01017}
}

@article{PLB2008,
  title = {A comparison of common programming languages used in bioinformatics},
  volume = {9},
  DOI = {10.1186/1471-2105-9-82},
  number = {1},
  journal = {BMC Bioinformatics},
  author = {Fourment, Mathieu and Gillings, Michael R},
  year = {2008},
  pages = {82}
}
